@article{fu_fear_2015,
	title = {Fear of a black {Spider}-{Man}: racebending and the colour-line in superhero (re)casting},
	volume = {6},
	issn = {2150-4857},
	url = {https://doi.org/10.1080/21504857.2014.994647},
	doi = {10.1080/21504857.2014.994647},
	number = {3},
	urldate = {2023-06-28},
	journal = {Journal of Graphic Novels and Comics},
	author = {Fu, Albert S.},
	year = {2015},
	pages = {269--283}
}

@article{roue_tethered_2021,
	title = {Tethered to {Whiteness}: {The} {School}-to-{Prison} {Pipeline} and {Uneven} {Emancipation} in {Jason} {Reynolds}' {Miles} {Morales}: {Spider}-{Man}},
	volume = {3},
	shorttitle = {Tethered to {Whiteness}},
	url = {https://sophia.stkate.edu/rdyl/vol3/iss1/8},
	number = {1},
	journal = {Research on Diversity in Youth Literature},
	author = {Roue, Bevin},
	year = {2021}
}

@article{worlds_miles_2019,
	title = {Miles {Morales}: {Spider}-{Man} and {Reimagining} the {Canon} for {Racial} {Justice}},
	volume = {108},
	issn = {0013-8274},
	shorttitle = {Miles {Morales}},
	url = {https://www.jstor.org/stable/26670028},
	number = {4},
	urldate = {2023-06-28},
	journal = {The English Journal},
	author = {Worlds, Mario and Miller, Henry “Cody”},
	year = {2019},
	pages = {43--50}
}

@misc{washcollreview_miles_2020,
	title = {Miles {Morales} as {Influence} or {Influencer}: {Marvel} {Comics}’ “{Ultimate} {Spider}-{Man}” in {Diversity} {Discourse}},
	url = {https://washcollreview.com/2020/05/04/miles-morales-as-influence-or-influencer-marvel-comics-ultimate-spider-man-in-diversity-discourse/},
	urldate = {2023-06-28},
	author = {Guerra-Recinos, Heber},
	month = may,
	year = {2020},
}

@article{marie_mills_post-soul_2022,
	title = {A {Post}-{Soul} {Spider}-{Man}},
	volume = {52},
	issn = {0006-4246},
	url = {https://doi.org/10.1080/00064246.2022.2007345},
	doi = {10.1080/00064246.2022.2007345},
	number = {1},
	urldate = {2023-06-28},
	journal = {The Black Scholar},
	author = {Marie Mills, Regina},
	year = {2022},
	pages = {41--52},
}

@article{mcwilliams_who_2013,
	title = {Who is afraid of a black {Spider}(-{Man})?},
	volume = {13},
	copyright = {Copyright (c) 2013 Transformative Works and Cultures},
	issn = {1941-2258},
	url = {https://journal.transformativeworks.org/index.php/twc/article/view/455},
	doi = {10.3983/twc.2013.0455},
	urldate = {2023-06-28},
	journal = {Transformative Works and Cultures},
	author = {McWilliams, Ora C.},
	year = {2013}
}

@incollection{taylor_chapter_2017,
	title = {Chapter 10. {Playing} {Peter} {Parker} {Spider}-{Man} and {Superhero} {Film} {Performance}},
	isbn = {978-1-4773-1251-3},
	url = {https://www.degruyter.com/document/doi/10.7560/312490-012/html},
	urldate = {2023-06-28},
	booktitle = {Make Ours Marvel},
	publisher = {University of Texas Press},
	author = {Taylor, Aaron},
	year = {2017},
	doi = {10.7560/312490-012},
	pages = {268--296}
}

@misc{ago_many_2018,
	title = {The {Many} {Ethnicity} of {Spider}-{Man}},
	url = {https://steemit.com/fiction/@ifyouseekey/the-many-ethnicity-of-spider-man},
	urldate = {2023-06-28},
	journal = {Steemit},
	author = {Ifyouseekeyin},
	year = {2018}
}

@misc{jacob_spidiversity_2015,
	title = {Spidiversity: {Non}-{White} {Peter} {Parker} is a {Non}-{Issue}},
	shorttitle = {Spidiversity},
	url = {https://amazingspidertalk.com/2015/03/spidiversity-non-white-peter-parker-is-a-non-issue/},
	urldate = {2023-06-28},
	journal = {Amazing Spider-Talk},
	author = {Jacob, Brian},
	year = {2015}
}

@misc{romano_racist_2022,
	title = {The racist backlash to {The} {Little} {Mermaid} and {Lord} of {The} {Rings} is exhausting and extremely predictable},
	url = {https://www.vox.com/culture/23357114/the-little-mermaid-racist-backlash-lotr-rings-of-power-diversity-controversy},
	urldate = {2023-07-26},
	author = {Romano, Aja},
	year = {2022},
}

@misc{howard_spider-man_2016,
	title = {'{Spider}-{Man}' {Casting} {Controversy} {Revives} {Racial} {Tensions}},
	url = {https://www.nbcnews.com/news/nbcblk/spider-man-casting-controversy-revives-racial-tensions-n637111},
	urldate = {2023-07-26},
        author = {Howard, Adam},
        year = {2016}
}


@incollection{great_bury_2023,
	title = {Bury {Me} in the {Ocean}: {Marvel}'s {Black} {Panther} and the {Politics} of {Performative} {Wokeness}},
	isbn = {978-1-00-307968-2},
	booktitle = {Black {Cinema} \& {Visual} {Culture}},
	publisher = {Routledge},
	author = {Great, Artel},
	year = {2023},
}

@misc{gray_performing_2018,
	title = {Performing {Wokeness}},
	url = {https://www.thecrimson.com/column/better-left-unsaid/article/2018/10/1/gray-performing-wokeness/},
	urldate = {2023-07-26},
        author = {Gray, Jenna M.},
	year = {2018}
}


@misc{ramon_film_2021,
	title = {A {Film} {Year} {Turned} {Upside} {Down} {Provides} {A} {Glimpse} {Into} {A} {New}, {More} {Diverse} {Hollywood}},
	url = {https://www.forbes.com/sites/drdarnellhuntanddranachristinaramon/2021/04/22/a-film-year-turned-upside-down-provides-a-glimpse-into-a-new-more-diverse-hollywood/},
	urldate = {2023-07-26},
	author = {Hunt, Darnell and Ramón, Ana-Christina},
        year = {2021}
}


@misc{history_segregation_2023,
	title = {Segregation in the {United} {States} - {Meaning}, {Facts}. \& {Legacy}},
	url = {https://www.history.com/topics/black-history/segregation-united-states},
	urldate = {2023-07-26},
	year = {2023},
}


@article{bonilla_linguistics_2002,
	title = {The {Linguistics} of {Color} {Blind} {Racism}: {How} to {Talk} {Nasty} about {Blacks} without {Sounding} “{Racist}”},
	url = {https://journals.sagepub.com/doi/10.1177/08969205020280010501},
	urldate = {2023-07-26},
        author = {Bonilla-Silva, Eduardo},
        year = {2002},
        doi = {10.1177/08969205020280010501},
        journal = {Critical Sociology},
	volume = {28},
	number = {1-2},
        pages = {41--64}
}


@book{nama_super_2011,
	title = {Super {Black}: {American} {Pop} {Culture} and {Black} {Superheroes}},
	isbn = {978-0-292-73545-3},
	url = {https://muse.jhu.edu/pub/15/monograph/book/12707},
	urldate = {2023-07-26},
	publisher = {University of Texas Press},
	author = {Nama, Adilifu},
	year = {2011},
}


@article{mastro_portrayal_2000,
	title = {The {Portrayal} of {Racial} {Minorities} on {Prime} {Time} {Television}},
	volume = {44},
	issn = {0883-8151},
	url = {https://doi.org/10.1207/s15506878jobem4404_10},
	doi = {10.1207/s15506878jobem4404_10},
	number = {4},
	urldate = {2023-07-26},
	journal = {Journal of Broadcasting \& Electronic Media},
	author = {Mastro, Dana E. and Greenberg, Bradley S.},
	year = {2000},
	pages = {690--703},
}

@article{dennis_gazing_2009,
        title ={Gazing at the black teen: con artists, cyborgs and sycophants},
        journal = {Media, Culture \& Society},
        volume = {31},
        number = {2},
        pages = {179-195},
        author = {Dennis, Jeffery P.},
        year = {2009},
        doi = {10.1177/0163443708098418},
	url = {https://journals.sagepub.com/doi/10.1177/0163443708098418},
	urldate = {2023-07-26}
}


@book{holtzman_media_2014,
	title = {Media {Messages}: {What} {Film}, {Television}, and {Popular} {Music} {Teach} {Us} {About} {Race}, {Class}, {Gender}, and {Sexual} {Orientation}},
	isbn = {978-1-317-46493-8},
	publisher = {Routledge},
	author = {Holtzman, Linda and Sharpe, Leon},
	year = {2014},
        url = {https://www.routledge.com/Media-Messages-What-Film-Television-and-Popular-Music-Teach-Us-About/Holtzman-Sharpe/p/book/9780765617576}
}

@book{krippendorff_content_2023,
        publisher = {SAGE},
	edition = {Fourth Edition},
	title = {Content {Analysis}: {An} {Introduction} to {Its} {Methodology}},
	url = {https://methods.sagepub.com/book/content-analysis-4e},
	author = {Krippendorff, Klaus},
	year = {2023},
	doi = {10.4135/9781071878781},
}
